@Misc{KTZ,
  author = 	 {Valentina Dagienė and Gintautas Grigas and Tatjana Jevsikova},
  title = 	 {Anglų–lietuvių kalbų kom\-piuterijos žodynas},
  year = 	 2012,
  note = 	 {\newline \url{http://ims.mii.lt/ALK\%C5\%BD/} last seen: 2021-10-01},
  annote = 	 {III leidimas},
  howpublished = {Vilniaus universitetas. Matematikos ir informatikos institutas}}

@Book{bdkkmt2012, 
author= {Linas Bukauskas and Vitalijus Denisovas and Virgilijus Kuklierius and Genadijus Kulvietis and Jonas Kazimieras Matickas and Romanas Tumasonis}, 
title= {Informatikos studij\k u kryp\v ciu kompetencij\k u pl\.etot\.es metodika}, 
publisher= {Vilniaus Universitetas}, 
year= {2011}, 
address= {Vilnius}, 
note= {ISBN: 978-9955-526-78-0}} 



@InProceedings{BRILINGAITE2017APP,
author    = {Brilingaitė, A. and Bukauskas, L.},
title     = {APPLICATION OF PROBLEM-BASED LEARNING IN EDUCATION OF COMPUTER SCIENCE: CASE STUDY IN VILNIUS UNIVERSITY},
series    = {11th International Technology, Education and Development Conference},
booktitle = {INTED2017 Proceedings},
isbn      = {978-84-617-8491-2},
issn      = {2340-1079},
doi       = {10.21125/inted.2017.0759},
url       = {https://doi.org/10.21125/inted.2017.0759},
publisher = {IATED},
location  = {Valencia, Spain},
month     = {6-8 March, 2017},
year      = {2017},
pages     = {2791-2800}}

@ARTICLE{Brilingaite201821,
	author = {Brilingaite, Agne and Bukauskas, Linas and Juškeviciene, Anita},
	title = {Competency assessment in problem-based learning projects of information technologies students},
	year = {2018},
	journal = {Informatics in Education},
	volume = {17},
	number = {1},
	pages = {21 – 44},
	doi = {10.15388/infedu.2018.02},
	url = {https://www.scopus.com/inward/record.uri?eid=2-s2.0-85045580959&doi=10.15388%2finfedu.2018.02&partnerID=40&md5=4de82ec7118b9c96decb022d845ea7cb},
	type = {Article},
	publication_stage = {Final},
	source = {Scopus},
	note = {Cited by: 15; All Open Access, Gold Open Access}
}



  


